@article{street471elementary,
  title={Elementary Fluid Mechanics, (1995)},
  author={Street, RL and Watters, GZ and Vennard, JK},
  journal={John Wiley and Sons, New York, ISBN 0},
  volume={471},
  number={01310},
  pages={3}
}

@misc{irving2010fluid,
  title={Fluid Mechanics and Application. Editorial Graw Hill},
  author={Shames, I},
  year={2010},
  publisher={Editorial. M{\'e}xico}
}

@book{agudelo2011mecanica,
  title={Mec{\'a}nica de fluidos e hidr{\'a}ulica},
  author={Duarte Agudelo, CA},
  year={2011},
  publisher={Universidad Nacional de Colombia. Facultad de Ingenier{\'\i}a.}
}

@book{streeter,
	author = {Streeter, Victor L. and Wylie, E. Benjamin.},
	title = {Fluid mechanics /},
	publisher = {Tata McGraw-Hill,},
	year = {c1983.},
	address = {New Delhi,}
}

@book{cengel2013ebook,
  title={Ebook: Fluid mechanics fundamentals and applications (si units)},
  author={Cengel, Yunus and Cimbala, John},
  year={2013},
  publisher={McGraw Hill}
}

@book{white1990fluid,
  title={Fluid mechanics},
  author={White, Frank M},
  year={1990},
  publisher={New York}
}

